@online{nodejs,
  title   = {NodeJS},
  url     = {https://nodejs.org/en/learn/getting-started/introduction-to-nodejs},
  urldate = {Accessed: 2024-01-15}
}

@online{sequelize,
  title   = {Sequelize},
  url     = {https://sequelize.org/docs/v6/getting-started/},
  urldate = {Accessed: 2024-01-15}
}

@online{express,
  title   = {Express},
  url     = {https://developer.mozilla.org/en-US/docs/Learn/Server-side/Express_Nodejs/Introduction},
  urldate = {Accessed: 2024-01-15}
}

@online{react-component,
  title   = {Component - React},
  url     = {https://react.dev/reference/react/Component#alternatives},
  urldate = {Accessed: 2024-01-15}
}

@article{Wytyczne,
  author  = {Kepel A., Ciechanowski M., Jaros R.},
  year    = {2011},
  title   = {Wytyczne dotyczące oceny oddziaływania elektrowni wiatrowych na nietoperze},
  journal = {Generalna Dyrekcja Ochrony Środowiska, Warszawa}
}

@misc{Rozporządzenie,
  title   = {Rozporządzenie Ministra Środowiska z dnia 16 grudnia 2016 r. w sprawie ochrony gatunkowej zwierząt},
  journal = {Dz. U. z 2016 r. poz. 2134}
}

@article{Ashton2002,
  author  = {Ashton K.},
  year    = {2002},
  title   = {That 'Internet of Things' thing},
  journal = {RFID Journal}
}

@article{IEEE-iot,
  title   = {Towards a definition of the Internet of Things ( IoT )},
  author  = {Minerva R., Biru A., Rotondi D.},
  year    = {2015},
  journal = {IEEE Internet Initiative}
}

@article{iot-gov,
  author  = {Wirtz B. W., Weyerer J. C., Schichtel F. T.},
  year    = {2019},
  title   = {An integrative public IoT framework for smart government},
  journal = {Government Information Quarterly},
  volume = {36},
  number = {2},
}

@article{diabetes,
  author  = {Ashton K.},
  year    = {2002},
  title   = {That 'Internet of Things' thing},
  journal = {RFID Journal}
}

@article{irigation,
  title   = {Towards a definition of the Internet of Things ( IoT )},
  author  = {Minerva R., Biru A., Rotondi D.},
  year    = {2015},
  journal = {IEEE Internet Initiative}
}

@article{laundring,
  title   = {Predicting Money Laundering Using Machine Learning and Artificial Neural Networks Algorithms in Banks},
  author  = {Lokanan M. E.},
  year    = {2024},
  journal = {Journal of Applied Security Research}
}

@article{fashion,
  title   = {A deep neural network model for fashion collocation recommendation using side information in e-commerce},
  author  = {Wang S., Qio J.},
  year    = {2021},
  journal = {Applied Soft Computing}
}

@online{neuron,
  title   = {Wstęp do sieci nauronowych},
  url     = {https://https://home.agh.edu.pl/~vlsi/AI/wstep/},
  urldate = {Accessed: 2024-01-25}
}

@online{probkowanie,
  title   = {Twierdzenie o próbkowaniu},
  url     = {https://pl.wikipedia.org/wiki/Twierdzenie_o_próbkowaniu},
  urldate = {Accessed: 2024-01-25}
}

@online{fullspectrum,
  title   = {The benefits of full-spectrum data for analyzing bat echolocation calls.},
  url     = {https://sonobat.com/wp-content/uploads/2014/02/presentation.pdf},
  author  = {Szewczak J. M.},
  year    = {2010},
  urldate = {Accessed: 2024-01-25}
}
